@book {MR2882785,
    AUTHOR = {Cauchy, Augustin Louis},
     TITLE = {{\OE}uvres compl\`etes. {S}eries 1. {V}olume 12},
    SERIES = {Cambridge Library Collection},
      NOTE = {Reprint of the 1900 original},
 PUBLISHER = {Cambridge University Press},
   ADDRESS = {Cambridge},
      YEAR = {2009},
     PAGES = {vi+504},
      ISBN = {978-1-108-00281-3},
   MRCLASS = {01A75},
  MRNUMBER = {2882785},
       DOI = {10.1017/CBO9780511702310.063},
       URL = {http://dx.doi.org/10.1017/CBO9780511702310.063},
}
